
@book{lawler2010random,
  title={Random walk: a modern introduction},
  author={Lawler, Gregory F and Limic, Vlada},
  volume={123},
  year={2010},
  publisher={Cambridge University Press}
}

